@article{wang2010survey,
  title={A survey on sensor localization},
  author={Wang, Jing and Ghosh, Ratan K and Das, Sajal K},
  journal={Journal of Control Theory and Applications},
  volume={8},
  number={1},
  pages={2--11},
  year={2010},
  publisher={Springer}
}
@inproceedings{ellis2012creating,
  title={Creating a room connectivity graph of a building from per-room sensor units},
  author={Ellis, Carl and Scott, James and Constandache, Ionut and Hazas, Mike},
  booktitle={Proceedings of the Fourth ACM Workshop on Embedded Sensing Systems for Energy-Efficiency in Buildings},
  pages={177--183},
  year={2012},
  organization={ACM}
}
@inproceedings{Hong:2013:TAS:2528282.2528302,
 author = {Hong, Dezhi and Ortiz, Jorge and Whitehouse, Kamin and Culler, David},
 title = {Towards Automatic Spatial Verification of Sensor Placement in Buildings},
 booktitle = {Proceedings of the 5th ACM Workshop on Embedded Systems For Energy-Efficient Buildings},
 series = {BuildSys'13},
 year = {2013},
 isbn = {978-1-4503-2431-1},
 location = {Roma, Italy},
 pages = {13:1--13:8},
 articleno = {13},
 numpages = {8},
 url = {http://doi.acm.org/10.1145/2528282.2528302},
 doi = {10.1145/2528282.2528302},
 acmid = {2528302},
 publisher = {ACM},
 address = {New York, NY, USA},
 keywords = {Clustering, Correlation Coefficient, Empirical Mode Decomposition, Sensor Placement},
} 
@inproceedings{fontugne2012empirical,
  title={Empirical mode decomposition for intrinsic-relationship extraction in large sensor deployments},
  author={Fontugne, Romain and Ortiz, Jorge and Culler, David and Esaki, Hiroshi},
  booktitle={Workshop on Internet of Things Applications, IoT-App},
  volume={12},
  year={2012}
}

@inbook{doi:10.1061/9780784413616.226,
author = { Burcu Akinci and  Mario Berges and  Alejandro Gomez Rivera},
title = {Exploratory Study Towards Streamlining the Identification of Sensor Locations Within a Facility},
booktitle = {Computing in Civil and Building Engineering (2014)},
chapter = {226},
pages = {1820-1827},
doi = {10.1061/9780784413616.226},
URL = {http://ascelibrary.org/doi/abs/10.1061/9780784413616.226},
eprint = {http://ascelibrary.org/doi/pdf/10.1061/9780784413616.226}
}
@article{Lu:2014:SBS:2648771.2629441,
 author = {Lu, Jiakang and Shams, Yamina Taskin and Whitehouse, Kamin},
 title = {Smart Blueprints: How Simple Sensors Can Collaboratively Map Out Their Own Locations in the Home},
 journal = {ACM Trans. Sen. Netw.},
 issue_date = {November 2014},
 volume = {11},
 number = {1},
 month = aug,
 year = {2014},
 issn = {1550-4859},
 pages = {19:1--19:23},
 articleno = {19},
 numpages = {23},
 url = {http://doi.acm.org/10.1145/2629441},
 doi = {10.1145/2629441},
 acmid = {2629441},
 publisher = {ACM},
 address = {New York, NY, USA},
 keywords = {Wireless sensor networks, guides, instructions},
}

@inproceedings{cordella2001improved,
  title={An improved algorithm for matching large graphs},
  author={Cordella, Luigi Pietro and Foggia, Pasquale and Sansone, Carlo and Vento, Mario}
}



